<?xml version="1.0" encoding="UTF-8"?><collection xmlns="http://www.loc.gov/MARC21/slim"><record><leader>00378nam--2200133-i-4500</leader><controlfield tag="001">000044634</controlfield><controlfield tag="002">20161230</controlfield><controlfield tag="005">20161230201044</controlfield><controlfield tag="008">060222s1000------------r-----000-0-eng-d</controlfield><datafield ind1=" " ind2=" " tag="080"><subfield code="a">543.51</subfield></datafield><datafield ind1=" " ind2=" " tag="100"><subfield code="a">Thomas, L.C</subfield></datafield><datafield ind1=" " ind2=" " tag="245"><subfield code="a">A new chemical structure code for data storage and retrieval in molecular spectroscopy</subfield></datafield><datafield ind1=" " ind2=" " tag="260"><subfield code="a">London, Heyden &amp; Son Ltd., 1968, 59p</subfield></datafield><datafield ind1=" " ind2=" " tag="852"><subfield code="a">28954</subfield></datafield></record></collection>